@article{acc:1,
	title = {A Study of the Ion Beam Intensity and Divergence Obtained from a Single Aperture Three Electrode Extraction System},
	author = {Coupland, J. R. and Green, T. S. and Hammond, D. P. and Riviere, A. C.},
	journal = {Review of Scientific Intruments},
	volume = {44},
	year = {1973}
}

@article{acc:2,
	title = {Design Parameter Investigation of a Cold-Cathode Penning Ion Source for General Laboratory Applications},
	author = {Rovey, J. L.},
	journal = {Plasma Source Science and Technology},
	volume = {17},
	year = {2008}
}

@article{acc:3,
	title = {Development of Compact Size Penning Ion Source for Compact Neutron Generator},
	author = {Das, B. K. and Shyam, Anurag},
	journal = {Review of Scientific Instruments},
	volume = {79},
	year = {2008}
}

@article{acc:4,
	title = {Simple Penning Ion Source for Laboratory Research and Development Applications},
	author = {Rovey, J. L. and Ruzic, B. P. and Houlahan, T. J.},
	journal = {Review of Scientific Instruments},
	volume = {78},
	year = {2007}
}

@article{acc:5,
	title = {Surface modification and sputtering erosion of iron and copper exposed to low-energy, high-flux deuterium plasmas seeded with metal species},
	journal = {Nuclear Materials and Energy},
	volume = {13},
	year = {2017},
	author = {V.Kh. Alimov and Y. Hatano and M. Balden and M. Oyaizu and K. Isobe and H. Nakamura and T. Hayashi}
}

@article{acc:6,
	author={Conrads, H. and Schmidt, M.},
	title={Plasma generation and plasma sources},
	journal={Plasma Sources Science and Technology},
	volume={9},
	number={4},
	pages={441},
	url={http://stacks.iop.org/0963-0252/9/i=4/a=301},
	year={2000}
}

@article{acc:7,
	author={Gudmundsson, Jon Tomas and Hecimovic, Ante},
	title={Foundations of DC plasma sources},
	journal={Plasma Sources Science and Technology},
	volume={26},
	number={12},
	pages={123001},
	url={http://stacks.iop.org/0963-0252/26/i=12/a=123001},
	year={2017}
}

@article{acc:8,
	author={Loeb, Horst W},
	title={Plasma-based ion beam sources},
	journal={Plasma Physics and Controlled Fusion},
	volume={47},
	number={12B},
	pages={B565},
	url={http://stacks.iop.org/0741-3335/47/i=12B/a=S41},
	year={2005}
}

@article{acc:9,
	author = {Keller, R.},
	title = {High-intensity ion sources for accelerators with emphasis on H- beam formation and transport (invited)},
	journal = {Review of Scientific Instruments},
	volume = {81},
	number = {2},
	pages = {02B311},
	year = {2010},
	doi = {10.1063/1.3272825},
}

@article{acc:10,
	author = {J. Reijonen and P. Heikkinen and E. Liukkonen and J. Ärje},
	title = {An improved extraction for the multicusp-type light ion-ion source apparatus},
	journal = {Review of Scientific Instruments},
	volume = {69},
	number = {2},
	pages = {1138-1140},
	year = {1998},
	doi = {10.1063/1.1148648}
}

@article{acc:11,
	author = {Becker, Reinard},
	title = {Numerical simulation of ion‐beam formation (invited)},
	journal = {Review of Scientific Instruments},
	volume = {67},
	number = {3},
	pages = {1132-1137},
	year = {1996},
	doi = {10.1063/1.1146769},
}

@article{acc:12,
	title = {Ion extraction systems: optics and design},
	journal = {Nuclear Instruments and Methods in Physics Research Section A: Accelerators, Spectrometers, Detectors and Associated Equipment},
	volume = {298},
	number = {1},
	pages = {247 - 254},
	year = {1990},
	issn = {0168-9002},
	doi = {https://doi.org/10.1016/0168-9002(90)90622-D},
	author = {Roderich Keller}
}

@book{acc:13,
	author = {Igor Bello},
	title = {Vacuum and Ultravacuum},
	publisher = {CRC Press},
	year = {2017}
}

@article{acc:14,
    author = {Kalvas, T. and Tarvainen, O. and Ropponen, T. and Steczkiewicz, O. and {\"A}rje, J. and Clark, H.},
    title = {IBSIMU: A three-dimensional simulation software for charged particle optics},
    journal = {Review of Scientific Instruments},
    year = {2010},
    volume = {81},
    number = {2}
}

@phdthesis{acc:15,
    author = {Geuther, Jeffrey A.},
    title = {Radiation Generation with Pyroelectric Crystals},
    school = {Rensselaer Polytechnic Institute},
    year = {2007},
}

@article{acc:16,
    author = {Tornow, W. and Lynam, S. M. and Shafroth, S. M.},
    title = {Substantial Increase in Acceleartion Potential of Pyroelectric Crystals},
    journal = {Journal of Applied Physics},
    year = {2010},
    volume = {107},
    number = {6}
}

@article{acc:17,
    author = {Ellsworth, J. L. and Falabella, S. and Sanchez, S. and Tang, V. and Wang, H.},
    title = {Compact Deuterium-Tritium Neutron Generator Using a Novel Field Ionization Source},
    journal = {Journal of Applied Physics},
    year = {2014},
    volume = {116},
    number = {19}
}

@article{acc:18,
    author = {Tornow, W. and Shafroth, S. M. and Brownridge, J. D.},
    title = {Evidence for Neutron Production in Deuterium Gas with a Pyroelectric Crystal Without Tip},
    journal = {Journal pf Applied Physics},
    year = {2008},
    volume = {104},
    number = {3}
}

@article{acc:19,
    author = {Naranjo, B. and Gimzewksi, J. K. and Putterman, S.},
    title = {Observation of Nuclear Fusion Driven by a Pyroelectric Crystal},
    journal = {Letters to Nature},
    year = {2005},
    volume = {434}
}

@inbook{acc:20,
    author = {Leibl, Helmut},
    title = {Applied Charged Particle Optics},
    chapter = {Lenses: Basic Optics},
    publisher = {Springer},
    year = {2008}
}

@techreport{acc:21, 
    title = {Ion Optics with Electrostatic Lenses},
    author = {Hinterberger, F.},
    institution = {Helmholtz-Institut f{\"u}r Strahlen- und Kernphysik, University of Bonn, Germany}, 
    year = {2006}
}

@book{acc:22,
    author = {Piel, Alexander},
    title = {Plasma Physics},
    subtitle = {An Introduction to Laboratory, Space, and Fusion Plasmas},
    publisher = {Springer},
    year = {2010}
}

@book{acc:23,
    author = {Pierce, John R.},
    title = {Theory and Design of Electron Beams},
    publisher = {Van Nostrand},
    edition = {second},
    address = {New York, NY, USA},
    series = {Bell Telephone Laboratory Series},
    year = {1954}
}

@techreport{acc:24,
    author = {Wiesemann, K.},
    title = {A Short Introduction to Plasma Physics},
    institution = {AEPT, Ruhr-Universit{\"a}t Bochum},
    address = {Germany},
    year = {2014},
    url = {https://arxiv.org/ftp/arxiv/papers/1404/1404.0509.pdf}
}

@phdthesis{acc:25,
    author = {Kalvas, Taneli},
    title = {Development and Use of Computational Tools for Modelling Negative Hydrogen Ion Source Extraction Systems},
    school = {University of Jyv{\"a}skyl{\"a}},
    year = {2013},
    address = {Jyv{\"a}skyl{\"a}}
}

@article{acc:26,
    author = {Merlino, Robert L.},
    title = {Understanding Langmuir Probe Current-Voltage Characteristics},
    journal = {American Journal of Physics},
    year = {207},
    volume = {75},
    number = {12}
}

@book{acc:27,
    author = {Lieberman, Michael A. and Lichtenberg, Allan J.},
    title = {Principles of Plasma Discharges and Materials Processing},
    edition = {second},
    publisher = {John Wiley and Sons},
    year = {2005},
    address = {Hoboken, New Jersey, U.S.A}
}

@article{acc:28,
    author = {Long, Jidon and Yang, Zhen and Dong, Pan and He, Xiaozhong and Zhang, Kaizhi},
    title = {Study on a Cold-Cathode {H$^{-}$} PIG-Type Ion Source},
    journal = {Nuclear Science and Techniques},
    year = {2013},
    volume = {24}
}

@manual{acc:29,
    title = {High and Ultra-High Vacuum For Science Research},
    organization = {Agilent Technologies},
    year = {2014},
    url = {https://www.agilent.com/cs/library/training/Public/UHV_Seminar_Handbook.pdf}
}

@manual{acc:30,
    title = {Vapour Pressure Chart},
    organization = {Luxel Corportation},
    address = {Washington, U.S.A.},
    url = {https://luxel.com/wp-content/uploads/2013/04/Luxel-Vapor-Pressure-Chart.pdf}
}

@article{acc:31,
    author = {Kim, Yong-Ki and Irikura, Karl K.},
    title = {Electron-Impact Total Ionization Cross Sections of Molecular Ions},
    journal = {Journal of Research of the National Institute of Standards and Technology},
    year = {2000},
    volume = {105},
    number = {2}
}

@article{acc:32,
    author = {Kim, Yong-Ki and Rudd, M. Eugene},
    title = {Binary-Encounter-Dipole Model for Electron Impact Ionization},
    journal = {Physical Review A},
    year = {1994},
    volume = {50},
    number = {4}
}

@article{acc:33,
    author = {Schulte, H. and Wolf, B. H.},
    title = {Ion and Electron Flow in Hot-Cathode PIG Sources for Multiply Charged Heavy Ions},
    journal = {IEEE Transactions on Nuclear Science},
    year = {1976},
    volume = {23},
    number = {2}
}

@article{acc:34,
    title = {Studies on Hydrogen Plasma in a Penning Ion Source by Optical Emission Spectroscopy},
    author = {Yang, Zhen and Dong, Pan and Wang, Tao and Long, Jidong and Lan, Chaohui and He, Xiaozhong and Zhang, Kaizhi},
    journal = {IEEE Transactions on Plasma Science},
    year = {2013},
    volume = {41},
    number = {10}
}

@techreport{acc:35,
    author = {Umrath, Walter},
    title = {Fundamentals of Vacuum Technology},
    organization = {{\oe}rlikon Leybold Vacuum},
    year = {2007},
    url = {https://www3.nd.edu/~nsl/Lectures/urls/LEYBOLD_FUNDAMENTALS.pdf}
}

@techreport{acc:36,
    author = {Scrivens, R.},
    title = {Electron and Ion Sources for Particle Accelerators},
    organization = {CERN},
    address = {Geneva, Switzerland},
    year = {2006},
    url = {https://cds.cern.ch/record/941321/files/p495.pdf}
}

@techreport{acc:37,
    author = {Kalvas, T.},
    title = {Beam Extraction and Transport},
    organization = {Department of Physics, University of Jyv{\"a}skyl{\"a}},
    address = {Jyv{\"a}skyl{\"a}, Finland},
    year = {2014},
    url = {https://arxiv.org/pdf/1401.3951.pdf}
}

@phdthesis{acc:38,
    author = {Vong Sy, Amy},
    title = {Advanced Penning-type Ion Source Development and Passive Beam Focusing Techniques for an Associated Particle Imaging Neutron Generator with Enhanced Spatial Resolution},
    school = {University of California, Berkeley},
    year = {2013},
    address = {Berkeley, California, U.S.}
}
